%YAML 1.1
%TAG !u! tag:unity3d.com,2011:
--- !u!29 &1
OcclusionCullingSettings:
  m_ObjectHideFlags: 0
  serializedVersion: 2
  m_OcclusionBakeSettings:
    smallestOccluder: 5
    smallestHole: 0.25
    backfaceThreshold: 100
  m_SceneGUID: 00000000000000000000000000000000
  m_OcclusionCullingData: {fileID: 0}
--- !u!104 &2
RenderSettings:
  m_ObjectHideFlags: 0
  serializedVersion: 9
  m_Fog: 0
  m_FogColor: {r: 0.5, g: 0.5, b: 0.5, a: 1}
  m_FogMode: 3
  m_FogDensity: 0.01
  m_LinearFogStart: 0
  m_LinearFogEnd: 300
  m_AmbientSkyColor: {r: 0.212, g: 0.227, b: 0.259, a: 1}
  m_AmbientEquatorColor: {r: 0.114, g: 0.125, b: 0.133, a: 1}
  m_AmbientGroundColor: {r: 0.047, g: 0.043, b: 0.035, a: 1}
  m_AmbientIntensity: 1
  m_AmbientMode: 0
  m_SubtractiveShadowColor: {r: 0.42, g: 0.478, b: 0.627, a: 1}
  m_SkyboxMaterial: {fileID: 10304, guid: 0000000000000000f000000000000000, type: 0}
  m_HaloStrength: 0.5
  m_FlareStrength: 1
  m_FlareFadeSpeed: 3
  m_HaloTexture: {fileID: 0}
  m_SpotCookie: {fileID: 10001, guid: 0000000000000000e000000000000000, type: 0}
  m_DefaultReflectionMode: 0
  m_DefaultReflectionResolution: 128
  m_ReflectionBounces: 1
  m_ReflectionIntensity: 1
  m_CustomReflection: {fileID: 0}
  m_Sun: {fileID: 0}
  m_IndirectSpecularColor: {r: 0.43668923, g: 0.48428386, b: 0.56452703, a: 1}
  m_UseRadianceAmbientProbe: 0
--- !u!157 &3
LightmapSettings:
  m_ObjectHideFlags: 0
  serializedVersion: 11
  m_GIWorkflowMode: 0
  m_GISettings:
    serializedVersion: 2
    m_BounceScale: 1
    m_IndirectOutputScale: 1
    m_AlbedoBoost: 1
    m_TemporalCoherenceThreshold: 1
    m_EnvironmentLightingMode: 0
    m_EnableBakedLightmaps: 1
    m_EnableRealtimeLightmaps: 1
  m_LightmapEditorSettings:
    serializedVersion: 10
    m_Resolution: 2
    m_BakeResolution: 40
    m_AtlasSize: 1024
    m_AO: 0
    m_AOMaxDistance: 1
    m_CompAOExponent: 1
    m_CompAOExponentDirect: 0
    m_Padding: 2
    m_LightmapParameters: {fileID: 0}
    m_LightmapsBakeMode: 1
    m_TextureCompression: 1
    m_FinalGather: 0
    m_FinalGatherFiltering: 1
    m_FinalGatherRayCount: 256
    m_ReflectionCompression: 2
    m_MixedBakeMode: 2
    m_BakeBackend: 1
    m_PVRSampling: 1
    m_PVRDirectSampleCount: 32
    m_PVRSampleCount: 500
    m_PVRBounces: 2
    m_PVRFilterTypeDirect: 0
    m_PVRFilterTypeIndirect: 0
    m_PVRFilterTypeAO: 0
    m_PVRFilteringMode: 1
    m_PVRCulling: 1
    m_PVRFilteringGaussRadiusDirect: 1
    m_PVRFilteringGaussRadiusIndirect: 5
    m_PVRFilteringGaussRadiusAO: 2
    m_PVRFilteringAtrousPositionSigmaDirect: 0.5
    m_PVRFilteringAtrousPositionSigmaIndirect: 2
    m_PVRFilteringAtrousPositionSigmaAO: 1
    m_ShowResolutionOverlay: 1
  m_LightingDataAsset: {fileID: 0}
  m_UseShadowmask: 1
--- !u!196 &4
NavMeshSettings:
  serializedVersion: 2
  m_ObjectHideFlags: 0
  m_BuildSettings:
    serializedVersion: 2
    agentTypeID: 0
    agentRadius: 0.5
    agentHeight: 2
    agentSlope: 45
    agentClimb: 0.4
    ledgeDropHeight: 0
    maxJumpAcrossDistance: 0
    minRegionArea: 2
    manualCellSize: 0
    cellSize: 0.16666667
    manualTileSize: 0
    tileSize: 256
    accuratePlacement: 0
    debug:
      m_Flags: 0
  m_NavMeshData: {fileID: 0}
--- !u!1 &52531110
GameObject:
  m_ObjectHideFlags: 0
  m_CorrespondingSourceObject: {fileID: 0}
  m_PrefabInternal: {fileID: 0}
  serializedVersion: 6
  m_Component:
  - component: {fileID: 52531113}
  - component: {fileID: 52531112}
  - component: {fileID: 52531111}
  m_Layer: 0
  m_Name: EventSystem
  m_TagString: Untagged
  m_Icon: {fileID: 0}
  m_NavMeshLayer: 0
  m_StaticEditorFlags: 0
  m_IsActive: 1
--- !u!114 &52531111
MonoBehaviour:
  m_ObjectHideFlags: 0
  m_CorrespondingSourceObject: {fileID: 0}
  m_PrefabInternal: {fileID: 0}
  m_GameObject: {fileID: 52531110}
  m_Enabled: 1
  m_EditorHideFlags: 0
  m_Script: {fileID: 1077351063, guid: f70555f144d8491a825f0804e09c671c, type: 3}
  m_Name: 
  m_EditorClassIdentifier: 
  m_HorizontalAxis: Horizontal
  m_VerticalAxis: Vertical
  m_SubmitButton: Submit
  m_CancelButton: Cancel
  m_InputActionsPerSecond: 10
  m_RepeatDelay: 0.5
  m_ForceModuleActive: 0
--- !u!114 &52531112
MonoBehaviour:
  m_ObjectHideFlags: 0
  m_CorrespondingSourceObject: {fileID: 0}
  m_PrefabInternal: {fileID: 0}
  m_GameObject: {fileID: 52531110}
  m_Enabled: 1
  m_EditorHideFlags: 0
  m_Script: {fileID: -619905303, guid: f70555f144d8491a825f0804e09c671c, type: 3}
  m_Name: 
  m_EditorClassIdentifier: 
  m_FirstSelected: {fileID: 0}
  m_sendNavigationEvents: 1
  m_DragThreshold: 10
--- !u!4 &52531113
Transform:
  m_ObjectHideFlags: 0
  m_CorrespondingSourceObject: {fileID: 0}
  m_PrefabInternal: {fileID: 0}
  m_GameObject: {fileID: 52531110}
  m_LocalRotation: {x: 0, y: 0, z: 0, w: 1}
  m_LocalPosition: {x: 0, y: 0, z: 0}
  m_LocalScale: {x: 1, y: 1, z: 1}
  m_Children: []
  m_Father: {fileID: 0}
  m_RootOrder: 1
  m_LocalEulerAnglesHint: {x: 0, y: 0, z: 0}
--- !u!1 &134098025
GameObject:
  m_ObjectHideFlags: 0
  m_CorrespondingSourceObject: {fileID: 1748551460592306, guid: 71f54c79b796e46bc9f56d1fa96d7fdf,
    type: 2}
  m_PrefabInternal: {fileID: 702298376}
  serializedVersion: 6
  m_Component:
  - component: {fileID: 134098026}
  - component: {fileID: 134098027}
  m_Layer: 11
  m_Name: DirectionalLight0
  m_TagString: Untagged
  m_Icon: {fileID: 0}
  m_NavMeshLayer: 0
  m_StaticEditorFlags: 0
  m_IsActive: 1
--- !u!4 &134098026
Transform:
  m_ObjectHideFlags: 0
  m_CorrespondingSourceObject: {fileID: 4038935746129850, guid: 71f54c79b796e46bc9f56d1fa96d7fdf,
    type: 2}
  m_PrefabInternal: {fileID: 702298376}
  m_GameObject: {fileID: 134098025}
  m_LocalRotation: {x: 0.7071068, y: 0, z: 0, w: 0.7071068}
  m_LocalPosition: {x: 0, y: 0.5, z: -1}
  m_LocalScale: {x: 0, y: 0, z: 0}
  m_Children: []
  m_Father: {fileID: 702298377}
  m_RootOrder: 0
  m_LocalEulerAnglesHint: {x: 90, y: 0, z: 0}
--- !u!108 &134098027
Light:
  m_ObjectHideFlags: 0
  m_CorrespondingSourceObject: {fileID: 108549567032903574, guid: 71f54c79b796e46bc9f56d1fa96d7fdf,
    type: 2}
  m_PrefabInternal: {fileID: 702298376}
  m_GameObject: {fileID: 134098025}
  m_Enabled: 1
  serializedVersion: 8
  m_Type: 1
  m_Color: {r: 1, g: 0.95686275, b: 0.8392157, a: 1}
  m_Intensity: 1
  m_Range: 10
  m_SpotAngle: 30
  m_CookieSize: 10
  m_Shadows:
    m_Type: 2
    m_Resolution: -1
    m_CustomResolution: -1
    m_Strength: 0.274
    m_Bias: 0.05
    m_NormalBias: 0.4
    m_NearPlane: 0.2
  m_Cookie: {fileID: 0}
  m_DrawHalo: 0
  m_Flare: {fileID: 0}
  m_RenderMode: 0
  m_CullingMask:
    serializedVersion: 2
    m_Bits: 2048
  m_Lightmapping: 1
  m_LightShadowCasterMode: 0
  m_AreaSize: {x: 1, y: 1}
  m_BounceIntensity: 1
  m_ColorTemperature: 6570
  m_UseColorTemperature: 0
  m_ShadowRadius: 0
  m_ShadowAngle: 0
--- !u!1 &218607142
GameObject:
  m_ObjectHideFlags: 0
  m_CorrespondingSourceObject: {fileID: 0}
  m_PrefabInternal: {fileID: 0}
  serializedVersion: 6
  m_Component:
  - component: {fileID: 218607145}
  - component: {fileID: 218607144}
  - component: {fileID: 218607143}
  m_Layer: 0
  m_Name: Main Camera
  m_TagString: MainCamera
  m_Icon: {fileID: 0}
  m_NavMeshLayer: 0
  m_StaticEditorFlags: 0
  m_IsActive: 1
--- !u!81 &218607143
AudioListener:
  m_ObjectHideFlags: 0
  m_CorrespondingSourceObject: {fileID: 0}
  m_PrefabInternal: {fileID: 0}
  m_GameObject: {fileID: 218607142}
  m_Enabled: 1
--- !u!20 &218607144
Camera:
  m_ObjectHideFlags: 0
  m_CorrespondingSourceObject: {fileID: 0}
  m_PrefabInternal: {fileID: 0}
  m_GameObject: {fileID: 218607142}
  m_Enabled: 1
  serializedVersion: 2
  m_ClearFlags: 1
  m_BackGroundColor: {r: 0.19215687, g: 0.3019608, b: 0.4745098, a: 0}
  m_projectionMatrixMode: 1
  m_SensorSize: {x: 36, y: 24}
  m_LensShift: {x: 0, y: 0}
  m_FocalLength: 50
  m_NormalizedViewPortRect:
    serializedVersion: 2
    x: 0
    y: 0
    width: 1
    height: 1
  near clip plane: 0.3
  far clip plane: 1000
  field of view: 60
  orthographic: 0
  orthographic size: 5
  m_Depth: -1
  m_CullingMask:
    serializedVersion: 2
    m_Bits: 4294967295
  m_RenderingPath: -1
  m_TargetTexture: {fileID: 0}
  m_TargetDisplay: 0
  m_TargetEye: 3
  m_HDR: 1
  m_AllowMSAA: 1
  m_AllowDynamicResolution: 0
  m_ForceIntoRT: 0
  m_OcclusionCulling: 1
  m_StereoConvergence: 10
  m_StereoSeparation: 0.022
--- !u!4 &218607145
Transform:
  m_ObjectHideFlags: 0
  m_CorrespondingSourceObject: {fileID: 0}
  m_PrefabInternal: {fileID: 0}
  m_GameObject: {fileID: 218607142}
  m_LocalRotation: {x: 0, y: 0, z: 0, w: 1}
  m_LocalPosition: {x: 0, y: 1, z: -10}
  m_LocalScale: {x: 1, y: 1, z: 1}
  m_Children:
  - {fileID: 1253223165}
  - {fileID: 1292457618}
  - {fileID: 702298377}
  - {fileID: 1445100937}
  m_Father: {fileID: 0}
  m_RootOrder: 0
  m_LocalEulerAnglesHint: {x: 0, y: 0, z: 0}
--- !u!1001 &702298376
Prefab:
  m_ObjectHideFlags: 0
  serializedVersion: 2
  m_Modification:
    m_TransformParent: {fileID: 218607145}
    m_Modifications:
    - target: {fileID: 4653108285369262, guid: 71f54c79b796e46bc9f56d1fa96d7fdf, type: 2}
      propertyPath: m_LocalPosition.x
      value: -0.5
      objectReference: {fileID: 0}
    - target: {fileID: 4653108285369262, guid: 71f54c79b796e46bc9f56d1fa96d7fdf, type: 2}
      propertyPath: m_LocalPosition.y
      value: 0
      objectReference: {fileID: 0}
    - target: {fileID: 4653108285369262, guid: 71f54c79b796e46bc9f56d1fa96d7fdf, type: 2}
      propertyPath: m_LocalPosition.z
      value: 0
      objectReference: {fileID: 0}
    - target: {fileID: 4653108285369262, guid: 71f54c79b796e46bc9f56d1fa96d7fdf, type: 2}
      propertyPath: m_LocalRotation.x
      value: 0
      objectReference: {fileID: 0}
    - target: {fileID: 4653108285369262, guid: 71f54c79b796e46bc9f56d1fa96d7fdf, type: 2}
      propertyPath: m_LocalRotation.y
      value: 0
      objectReference: {fileID: 0}
    - target: {fileID: 4653108285369262, guid: 71f54c79b796e46bc9f56d1fa96d7fdf, type: 2}
      propertyPath: m_LocalRotation.z
      value: 0
      objectReference: {fileID: 0}
    - target: {fileID: 4653108285369262, guid: 71f54c79b796e46bc9f56d1fa96d7fdf, type: 2}
      propertyPath: m_LocalRotation.w
      value: 1
      objectReference: {fileID: 0}
    - target: {fileID: 4653108285369262, guid: 71f54c79b796e46bc9f56d1fa96d7fdf, type: 2}
      propertyPath: m_RootOrder
      value: 2
      objectReference: {fileID: 0}
    - target: {fileID: 1562191781094078, guid: 71f54c79b796e46bc9f56d1fa96d7fdf, type: 2}
      propertyPath: m_Name
      value: box_fbx (1)
      objectReference: {fileID: 0}
    - target: {fileID: 1562191781094078, guid: 71f54c79b796e46bc9f56d1fa96d7fdf, type: 2}
      propertyPath: m_Layer
      value: 11
      objectReference: {fileID: 0}
    - target: {fileID: 1748551460592306, guid: 71f54c79b796e46bc9f56d1fa96d7fdf, type: 2}
      propertyPath: m_Layer
      value: 11
      objectReference: {fileID: 0}
    - target: {fileID: 108549567032903574, guid: 71f54c79b796e46bc9f56d1fa96d7fdf,
        type: 2}
      propertyPath: m_CullingMask.m_Bits
      value: 2048
      objectReference: {fileID: 0}
    m_RemovedComponents: []
  m_SourcePrefab: {fileID: 0}
  m_IsPrefabAsset: 0
--- !u!4 &702298377
Transform:
  m_ObjectHideFlags: 0
  m_CorrespondingSourceObject: {fileID: 4653108285369262, guid: 71f54c79b796e46bc9f56d1fa96d7fdf,
    type: 2}
  m_PrefabInternal: {fileID: 702298376}
  m_GameObject: {fileID: 1327645159}
  m_LocalRotation: {x: 0, y: 0, z: 0, w: 1}
  m_LocalPosition: {x: -0.5, y: 0, z: 0}
  m_LocalScale: {x: 0.7, y: 0.7, z: 0.7}
  m_Children:
  - {fileID: 134098026}
  m_Father: {fileID: 218607145}
  m_RootOrder: 2
  m_LocalEulerAnglesHint: {x: 0, y: 0, z: 0}
--- !u!1 &754858693
GameObject:
  m_ObjectHideFlags: 0
  m_CorrespondingSourceObject: {fileID: 1748551460592306, guid: 71f54c79b796e46bc9f56d1fa96d7fdf,
    type: 2}
  m_PrefabInternal: {fileID: 1292457617}
  serializedVersion: 6
  m_Component:
  - component: {fileID: 754858694}
  - component: {fileID: 754858695}
  m_Layer: 11
  m_Name: DirectionalLight0
  m_TagString: Untagged
  m_Icon: {fileID: 0}
  m_NavMeshLayer: 0
  m_StaticEditorFlags: 0
  m_IsActive: 1
--- !u!4 &754858694
Transform:
  m_ObjectHideFlags: 0
  m_CorrespondingSourceObject: {fileID: 4038935746129850, guid: 71f54c79b796e46bc9f56d1fa96d7fdf,
    type: 2}
  m_PrefabInternal: {fileID: 1292457617}
  m_GameObject: {fileID: 754858693}
  m_LocalRotation: {x: 0.7071068, y: 0, z: 0, w: 0.7071068}
  m_LocalPosition: {x: 0, y: 0.5, z: -1}
  m_LocalScale: {x: 0, y: 0, z: 0}
  m_Children: []
  m_Father: {fileID: 1292457618}
  m_RootOrder: 0
  m_LocalEulerAnglesHint: {x: 90, y: 0, z: 0}
--- !u!108 &754858695
Light:
  m_ObjectHideFlags: 0
  m_CorrespondingSourceObject: {fileID: 108549567032903574, guid: 71f54c79b796e46bc9f56d1fa96d7fdf,
    type: 2}
  m_PrefabInternal: {fileID: 1292457617}
  m_GameObject: {fileID: 754858693}
  m_Enabled: 1
  serializedVersion: 8
  m_Type: 1
  m_Color: {r: 1, g: 0.95686275, b: 0.8392157, a: 1}
  m_Intensity: 1
  m_Range: 10
  m_SpotAngle: 30
  m_CookieSize: 10
  m_Shadows:
    m_Type: 2
    m_Resolution: -1
    m_CustomResolution: -1
    m_Strength: 0.274
    m_Bias: 0.05
    m_NormalBias: 0.4
    m_NearPlane: 0.2
  m_Cookie: {fileID: 0}
  m_DrawHalo: 0
  m_Flare: {fileID: 0}
  m_RenderMode: 0
  m_CullingMask:
    serializedVersion: 2
    m_Bits: 2048
  m_Lightmapping: 1
  m_LightShadowCasterMode: 0
  m_AreaSize: {x: 1, y: 1}
  m_BounceIntensity: 1
  m_ColorTemperature: 6570
  m_UseColorTemperature: 0
  m_ShadowRadius: 0
  m_ShadowAngle: 0
--- !u!1 &1079718159
GameObject:
  m_ObjectHideFlags: 0
  m_CorrespondingSourceObject: {fileID: 1562191781094078, guid: 71f54c79b796e46bc9f56d1fa96d7fdf,
    type: 2}
  m_PrefabInternal: {fileID: 1292457617}
  serializedVersion: 6
  m_Component:
  - component: {fileID: 1292457618}
  - component: {fileID: 1079718161}
  - component: {fileID: 1079718160}
  m_Layer: 11
  m_Name: box_fbx
  m_TagString: Untagged
  m_Icon: {fileID: 0}
  m_NavMeshLayer: 0
  m_StaticEditorFlags: 0
  m_IsActive: 1
--- !u!23 &1079718160
MeshRenderer:
  m_ObjectHideFlags: 0
  m_CorrespondingSourceObject: {fileID: 23101447652330768, guid: 71f54c79b796e46bc9f56d1fa96d7fdf,
    type: 2}
  m_PrefabInternal: {fileID: 1292457617}
  m_GameObject: {fileID: 1079718159}
  m_Enabled: 1
  m_CastShadows: 1
  m_ReceiveShadows: 1
  m_DynamicOccludee: 1
  m_MotionVectors: 1
  m_LightProbeUsage: 1
  m_ReflectionProbeUsage: 1
  m_RenderingLayerMask: 4294967295
  m_Materials:
  - {fileID: 2100000, guid: 0093c0015f0da084f9ebdfeea6145dc3, type: 2}
  m_StaticBatchInfo:
    firstSubMesh: 0
    subMeshCount: 0
  m_StaticBatchRoot: {fileID: 0}
  m_ProbeAnchor: {fileID: 0}
  m_LightProbeVolumeOverride: {fileID: 0}
  m_ScaleInLightmap: 1
  m_PreserveUVs: 0
  m_IgnoreNormalsForChartDetection: 0
  m_ImportantGI: 0
  m_StitchLightmapSeams: 0
  m_SelectedEditorRenderState: 3
  m_MinimumChartSize: 4
  m_AutoUVMaxDistance: 0.5
  m_AutoUVMaxAngle: 89
  m_LightmapParameters: {fileID: 0}
  m_SortingLayerID: 0
  m_SortingLayer: 0
  m_SortingOrder: 0
--- !u!33 &1079718161
MeshFilter:
  m_ObjectHideFlags: 0
  m_CorrespondingSourceObject: {fileID: 33472214372898626, guid: 71f54c79b796e46bc9f56d1fa96d7fdf,
    type: 2}
  m_PrefabInternal: {fileID: 1292457617}
  m_GameObject: {fileID: 1079718159}
  m_Mesh: {fileID: 4300000, guid: a7c248df959d0af4cb5b109f4d4a925b, type: 3}
--- !u!1 &1123403650
GameObject:
  m_ObjectHideFlags: 0
  m_CorrespondingSourceObject: {fileID: 1562191781094078, guid: 71f54c79b796e46bc9f56d1fa96d7fdf,
    type: 2}
  m_PrefabInternal: {fileID: 1445100936}
  serializedVersion: 6
  m_Component:
  - component: {fileID: 1445100937}
  - component: {fileID: 1123403652}
  - component: {fileID: 1123403651}
  m_Layer: 11
  m_Name: box_fbx (2)
  m_TagString: Untagged
  m_Icon: {fileID: 0}
  m_NavMeshLayer: 0
  m_StaticEditorFlags: 0
  m_IsActive: 1
--- !u!23 &1123403651
MeshRenderer:
  m_ObjectHideFlags: 0
  m_CorrespondingSourceObject: {fileID: 23101447652330768, guid: 71f54c79b796e46bc9f56d1fa96d7fdf,
    type: 2}
  m_PrefabInternal: {fileID: 1445100936}
  m_GameObject: {fileID: 1123403650}
  m_Enabled: 1
  m_CastShadows: 1
  m_ReceiveShadows: 1
  m_DynamicOccludee: 1
  m_MotionVectors: 1
  m_LightProbeUsage: 1
  m_ReflectionProbeUsage: 1
  m_RenderingLayerMask: 4294967295
  m_Materials:
  - {fileID: 2100000, guid: 0093c0015f0da084f9ebdfeea6145dc3, type: 2}
  m_StaticBatchInfo:
    firstSubMesh: 0
    subMeshCount: 0
  m_StaticBatchRoot: {fileID: 0}
  m_ProbeAnchor: {fileID: 0}
  m_LightProbeVolumeOverride: {fileID: 0}
  m_ScaleInLightmap: 1
  m_PreserveUVs: 0
  m_IgnoreNormalsForChartDetection: 0
  m_ImportantGI: 0
  m_StitchLightmapSeams: 0
  m_SelectedEditorRenderState: 3
  m_MinimumChartSize: 4
  m_AutoUVMaxDistance: 0.5
  m_AutoUVMaxAngle: 89
  m_LightmapParameters: {fileID: 0}
  m_SortingLayerID: 0
  m_SortingLayer: 0
  m_SortingOrder: 0
--- !u!33 &1123403652
MeshFilter:
  m_ObjectHideFlags: 0
  m_CorrespondingSourceObject: {fileID: 33472214372898626, guid: 71f54c79b796e46bc9f56d1fa96d7fdf,
    type: 2}
  m_PrefabInternal: {fileID: 1445100936}
  m_GameObject: {fileID: 1123403650}
  m_Mesh: {fileID: 4300000, guid: a7c248df959d0af4cb5b109f4d4a925b, type: 3}
--- !u!1001 &1253223164
Prefab:
  m_ObjectHideFlags: 0
  serializedVersion: 2
  m_Modification:
    m_TransformParent: {fileID: 218607145}
    m_Modifications:
    - target: {fileID: 4038500375646866, guid: 102661f9b876584409663ea587bc05da, type: 2}
      propertyPath: m_LocalPosition.x
      value: 0
      objectReference: {fileID: 0}
    - target: {fileID: 4038500375646866, guid: 102661f9b876584409663ea587bc05da, type: 2}
      propertyPath: m_LocalPosition.y
      value: -0.1
      objectReference: {fileID: 0}
    - target: {fileID: 4038500375646866, guid: 102661f9b876584409663ea587bc05da, type: 2}
      propertyPath: m_LocalPosition.z
      value: 0
      objectReference: {fileID: 0}
    - target: {fileID: 4038500375646866, guid: 102661f9b876584409663ea587bc05da, type: 2}
      propertyPath: m_LocalRotation.x
      value: -0
      objectReference: {fileID: 0}
    - target: {fileID: 4038500375646866, guid: 102661f9b876584409663ea587bc05da, type: 2}
      propertyPath: m_LocalRotation.y
      value: 0.9961947
      objectReference: {fileID: 0}
    - target: {fileID: 4038500375646866, guid: 102661f9b876584409663ea587bc05da, type: 2}
      propertyPath: m_LocalRotation.z
      value: -0
      objectReference: {fileID: 0}
    - target: {fileID: 4038500375646866, guid: 102661f9b876584409663ea587bc05da, type: 2}
      propertyPath: m_LocalRotation.w
      value: 0.08715588
      objectReference: {fileID: 0}
    - target: {fileID: 4038500375646866, guid: 102661f9b876584409663ea587bc05da, type: 2}
      propertyPath: m_RootOrder
      value: 0
      objectReference: {fileID: 0}
    - target: {fileID: 4038500375646866, guid: 102661f9b876584409663ea587bc05da, type: 2}
      propertyPath: m_LocalScale.x
      value: 0.20000009
      objectReference: {fileID: 0}
    - target: {fileID: 4038500375646866, guid: 102661f9b876584409663ea587bc05da, type: 2}
      propertyPath: m_LocalScale.z
      value: 0.20000009
      objectReference: {fileID: 0}
    - target: {fileID: 1963975112871184, guid: 102661f9b876584409663ea587bc05da, type: 2}
      propertyPath: m_Layer
      value: 10
      objectReference: {fileID: 0}
    - target: {fileID: 1763186030927622, guid: 102661f9b876584409663ea587bc05da, type: 2}
      propertyPath: m_Layer
      value: 10
      objectReference: {fileID: 0}
    - target: {fileID: 1981337944684830, guid: 102661f9b876584409663ea587bc05da, type: 2}
      propertyPath: m_Layer
      value: 10
      objectReference: {fileID: 0}
    - target: {fileID: 1109293164983992, guid: 102661f9b876584409663ea587bc05da, type: 2}
      propertyPath: m_Layer
      value: 10
      objectReference: {fileID: 0}
    - target: {fileID: 1537750083769726, guid: 102661f9b876584409663ea587bc05da, type: 2}
      propertyPath: m_Layer
      value: 10
      objectReference: {fileID: 0}
    - target: {fileID: 1600669113619144, guid: 102661f9b876584409663ea587bc05da, type: 2}
      propertyPath: m_Layer
      value: 10
      objectReference: {fileID: 0}
    - target: {fileID: 1373543349823660, guid: 102661f9b876584409663ea587bc05da, type: 2}
      propertyPath: m_Layer
      value: 10
      objectReference: {fileID: 0}
    - target: {fileID: 1970758896024304, guid: 102661f9b876584409663ea587bc05da, type: 2}
      propertyPath: m_Layer
      value: 10
      objectReference: {fileID: 0}
    - target: {fileID: 1715205012300736, guid: 102661f9b876584409663ea587bc05da, type: 2}
      propertyPath: m_Layer
      value: 10
      objectReference: {fileID: 0}
    - target: {fileID: 1344173645569776, guid: 102661f9b876584409663ea587bc05da, type: 2}
      propertyPath: m_Layer
      value: 10
      objectReference: {fileID: 0}
    - target: {fileID: 1396395379969470, guid: 102661f9b876584409663ea587bc05da, type: 2}
      propertyPath: m_Layer
      value: 10
      objectReference: {fileID: 0}
    - target: {fileID: 1076722842525446, guid: 102661f9b876584409663ea587bc05da, type: 2}
      propertyPath: m_Layer
      value: 10
      objectReference: {fileID: 0}
    - target: {fileID: 1042441860880828, guid: 102661f9b876584409663ea587bc05da, type: 2}
      propertyPath: m_Layer
      value: 10
      objectReference: {fileID: 0}
    - target: {fileID: 1600893385282480, guid: 102661f9b876584409663ea587bc05da, type: 2}
      propertyPath: m_Layer
      value: 10
      objectReference: {fileID: 0}
    - target: {fileID: 1388727129801248, guid: 102661f9b876584409663ea587bc05da, type: 2}
      propertyPath: m_Layer
      value: 10
      objectReference: {fileID: 0}
    - target: {fileID: 1534006606435478, guid: 102661f9b876584409663ea587bc05da, type: 2}
      propertyPath: m_Layer
      value: 10
      objectReference: {fileID: 0}
    - target: {fileID: 1939530754989802, guid: 102661f9b876584409663ea587bc05da, type: 2}
      propertyPath: m_Layer
      value: 10
      objectReference: {fileID: 0}
    - target: {fileID: 1902477932008914, guid: 102661f9b876584409663ea587bc05da, type: 2}
      propertyPath: m_Layer
      value: 10
      objectReference: {fileID: 0}
    - target: {fileID: 1260530805245000, guid: 102661f9b876584409663ea587bc05da, type: 2}
      propertyPath: m_Layer
      value: 10
      objectReference: {fileID: 0}
    - target: {fileID: 1126189163663816, guid: 102661f9b876584409663ea587bc05da, type: 2}
      propertyPath: m_Layer
      value: 10
      objectReference: {fileID: 0}
    - target: {fileID: 1193898656263174, guid: 102661f9b876584409663ea587bc05da, type: 2}
      propertyPath: m_Layer
      value: 10
      objectReference: {fileID: 0}
    - target: {fileID: 1011692271383770, guid: 102661f9b876584409663ea587bc05da, type: 2}
      propertyPath: m_Layer
      value: 10
      objectReference: {fileID: 0}
    - target: {fileID: 1406107906204724, guid: 102661f9b876584409663ea587bc05da, type: 2}
      propertyPath: m_Layer
      value: 10
      objectReference: {fileID: 0}
    - target: {fileID: 1432359696850462, guid: 102661f9b876584409663ea587bc05da, type: 2}
      propertyPath: m_Layer
      value: 10
      objectReference: {fileID: 0}
    - target: {fileID: 1742686427218686, guid: 102661f9b876584409663ea587bc05da, type: 2}
      propertyPath: m_Layer
      value: 10
      objectReference: {fileID: 0}
    - target: {fileID: 1721593943403806, guid: 102661f9b876584409663ea587bc05da, type: 2}
      propertyPath: m_Layer
      value: 10
      objectReference: {fileID: 0}
    - target: {fileID: 1434995656697574, guid: 102661f9b876584409663ea587bc05da, type: 2}
      propertyPath: m_Layer
      value: 10
      objectReference: {fileID: 0}
    - target: {fileID: 1122892975533234, guid: 102661f9b876584409663ea587bc05da, type: 2}
      propertyPath: m_Layer
      value: 10
      objectReference: {fileID: 0}
    - target: {fileID: 1537745119876450, guid: 102661f9b876584409663ea587bc05da, type: 2}
      propertyPath: m_Layer
      value: 10
      objectReference: {fileID: 0}
    - target: {fileID: 1377386860961716, guid: 102661f9b876584409663ea587bc05da, type: 2}
      propertyPath: m_Layer
      value: 10
      objectReference: {fileID: 0}
    - target: {fileID: 1003093396412286, guid: 102661f9b876584409663ea587bc05da, type: 2}
      propertyPath: m_Layer
      value: 10
      objectReference: {fileID: 0}
    - target: {fileID: 1429094958955818, guid: 102661f9b876584409663ea587bc05da, type: 2}
      propertyPath: m_Layer
      value: 10
      objectReference: {fileID: 0}
    - target: {fileID: 1498611033709476, guid: 102661f9b876584409663ea587bc05da, type: 2}
      propertyPath: m_Layer
      value: 10
      objectReference: {fileID: 0}
    - target: {fileID: 1754126736709210, guid: 102661f9b876584409663ea587bc05da, type: 2}
      propertyPath: m_Layer
      value: 10
      objectReference: {fileID: 0}
    - target: {fileID: 1825748158200274, guid: 102661f9b876584409663ea587bc05da, type: 2}
      propertyPath: m_Layer
      value: 10
      objectReference: {fileID: 0}
    - target: {fileID: 1456112918560202, guid: 102661f9b876584409663ea587bc05da, type: 2}
      propertyPath: m_Layer
      value: 10
      objectReference: {fileID: 0}
    - target: {fileID: 1440647016729200, guid: 102661f9b876584409663ea587bc05da, type: 2}
      propertyPath: m_Layer
      value: 10
      objectReference: {fileID: 0}
    - target: {fileID: 1464908157287396, guid: 102661f9b876584409663ea587bc05da, type: 2}
      propertyPath: m_Layer
      value: 10
      objectReference: {fileID: 0}
    - target: {fileID: 1033553130657596, guid: 102661f9b876584409663ea587bc05da, type: 2}
      propertyPath: m_Layer
      value: 10
      objectReference: {fileID: 0}
    - target: {fileID: 1373487360242968, guid: 102661f9b876584409663ea587bc05da, type: 2}
      propertyPath: m_Layer
      value: 10
      objectReference: {fileID: 0}
    - target: {fileID: 1011401787160620, guid: 102661f9b876584409663ea587bc05da, type: 2}
      propertyPath: m_Layer
      value: 10
      objectReference: {fileID: 0}
    - target: {fileID: 1588076237955854, guid: 102661f9b876584409663ea587bc05da, type: 2}
      propertyPath: m_Layer
      value: 10
      objectReference: {fileID: 0}
    - target: {fileID: 1025711895721400, guid: 102661f9b876584409663ea587bc05da, type: 2}
      propertyPath: m_Layer
      value: 10
      objectReference: {fileID: 0}
    - target: {fileID: 1343652310616642, guid: 102661f9b876584409663ea587bc05da, type: 2}
      propertyPath: m_Layer
      value: 10
      objectReference: {fileID: 0}
    - target: {fileID: 1410206425433894, guid: 102661f9b876584409663ea587bc05da, type: 2}
      propertyPath: m_Layer
      value: 10
      objectReference: {fileID: 0}
    - target: {fileID: 1299939527203288, guid: 102661f9b876584409663ea587bc05da, type: 2}
      propertyPath: m_Layer
      value: 10
      objectReference: {fileID: 0}
    - target: {fileID: 1646218637154430, guid: 102661f9b876584409663ea587bc05da, type: 2}
      propertyPath: m_Layer
      value: 10
      objectReference: {fileID: 0}
    - target: {fileID: 1392548299516200, guid: 102661f9b876584409663ea587bc05da, type: 2}
      propertyPath: m_Layer
      value: 10
      objectReference: {fileID: 0}
    - target: {fileID: 1175420267439916, guid: 102661f9b876584409663ea587bc05da, type: 2}
      propertyPath: m_Layer
      value: 10
      objectReference: {fileID: 0}
    - target: {fileID: 1715167534770002, guid: 102661f9b876584409663ea587bc05da, type: 2}
      propertyPath: m_Layer
      value: 10
      objectReference: {fileID: 0}
    - target: {fileID: 1618238214529938, guid: 102661f9b876584409663ea587bc05da, type: 2}
      propertyPath: m_Layer
      value: 10
      objectReference: {fileID: 0}
    - target: {fileID: 1387248519672742, guid: 102661f9b876584409663ea587bc05da, type: 2}
      propertyPath: m_Layer
      value: 10
      objectReference: {fileID: 0}
    - target: {fileID: 1246285516776268, guid: 102661f9b876584409663ea587bc05da, type: 2}
      propertyPath: m_Layer
      value: 10
      objectReference: {fileID: 0}
    - target: {fileID: 1855950986340916, guid: 102661f9b876584409663ea587bc05da, type: 2}
      propertyPath: m_Layer
      value: 10
      objectReference: {fileID: 0}
    - target: {fileID: 1209105579840722, guid: 102661f9b876584409663ea587bc05da, type: 2}
      propertyPath: m_Layer
      value: 10
      objectReference: {fileID: 0}
    - target: {fileID: 1630173338727600, guid: 102661f9b876584409663ea587bc05da, type: 2}
      propertyPath: m_Layer
      value: 10
      objectReference: {fileID: 0}
    - target: {fileID: 1264933191068892, guid: 102661f9b876584409663ea587bc05da, type: 2}
      propertyPath: m_Layer
      value: 10
      objectReference: {fileID: 0}
    - target: {fileID: 1473861267605450, guid: 102661f9b876584409663ea587bc05da, type: 2}
      propertyPath: m_Layer
      value: 10
      objectReference: {fileID: 0}
    - target: {fileID: 1532483010804326, guid: 102661f9b876584409663ea587bc05da, type: 2}
      propertyPath: m_Layer
      value: 10
      objectReference: {fileID: 0}
    - target: {fileID: 1378159398090968, guid: 102661f9b876584409663ea587bc05da, type: 2}
      propertyPath: m_Layer
      value: 10
      objectReference: {fileID: 0}
    - target: {fileID: 1351377065736830, guid: 102661f9b876584409663ea587bc05da, type: 2}
      propertyPath: m_Layer
      value: 10
      objectReference: {fileID: 0}
    - target: {fileID: 1834568151653824, guid: 102661f9b876584409663ea587bc05da, type: 2}
      propertyPath: m_Layer
      value: 10
      objectReference: {fileID: 0}
    - target: {fileID: 1391878314829660, guid: 102661f9b876584409663ea587bc05da, type: 2}
      propertyPath: m_Layer
      value: 10
      objectReference: {fileID: 0}
    - target: {fileID: 1026477835155620, guid: 102661f9b876584409663ea587bc05da, type: 2}
      propertyPath: m_Layer
      value: 10
      objectReference: {fileID: 0}
    - target: {fileID: 1235320756668636, guid: 102661f9b876584409663ea587bc05da, type: 2}
      propertyPath: m_Layer
      value: 10
      objectReference: {fileID: 0}
    - target: {fileID: 1074470813837092, guid: 102661f9b876584409663ea587bc05da, type: 2}
      propertyPath: m_Layer
      value: 10
      objectReference: {fileID: 0}
    - target: {fileID: 1619142184411730, guid: 102661f9b876584409663ea587bc05da, type: 2}
      propertyPath: m_Layer
      value: 10
      objectReference: {fileID: 0}
    - target: {fileID: 1342756864870832, guid: 102661f9b876584409663ea587bc05da, type: 2}
      propertyPath: m_Layer
      value: 10
      objectReference: {fileID: 0}
    - target: {fileID: 1838623318332128, guid: 102661f9b876584409663ea587bc05da, type: 2}
      propertyPath: m_Layer
      value: 10
      objectReference: {fileID: 0}
    - target: {fileID: 1351227670637350, guid: 102661f9b876584409663ea587bc05da, type: 2}
      propertyPath: m_Layer
      value: 10
      objectReference: {fileID: 0}
    - target: {fileID: 1743228949725082, guid: 102661f9b876584409663ea587bc05da, type: 2}
      propertyPath: m_Layer
      value: 10
      objectReference: {fileID: 0}
    - target: {fileID: 1316734053199850, guid: 102661f9b876584409663ea587bc05da, type: 2}
      propertyPath: m_Layer
      value: 10
      objectReference: {fileID: 0}
    - target: {fileID: 1030948901403366, guid: 102661f9b876584409663ea587bc05da, type: 2}
      propertyPath: m_Layer
      value: 10
      objectReference: {fileID: 0}
    - target: {fileID: 1932065270060592, guid: 102661f9b876584409663ea587bc05da, type: 2}
      propertyPath: m_Layer
      value: 10
      objectReference: {fileID: 0}
    - target: {fileID: 1492814410524262, guid: 102661f9b876584409663ea587bc05da, type: 2}
      propertyPath: m_Layer
      value: 10
      objectReference: {fileID: 0}
    - target: {fileID: 1296586977771076, guid: 102661f9b876584409663ea587bc05da, type: 2}
      propertyPath: m_Layer
      value: 10
      objectReference: {fileID: 0}
    - target: {fileID: 1274206685975700, guid: 102661f9b876584409663ea587bc05da, type: 2}
      propertyPath: m_Layer
      value: 10
      objectReference: {fileID: 0}
    - target: {fileID: 1435930869852220, guid: 102661f9b876584409663ea587bc05da, type: 2}
      propertyPath: m_Layer
      value: 10
      objectReference: {fileID: 0}
    - target: {fileID: 1883524093265048, guid: 102661f9b876584409663ea587bc05da, type: 2}
      propertyPath: m_Layer
      value: 10
      objectReference: {fileID: 0}
    - target: {fileID: 4481297540156342, guid: 102661f9b876584409663ea587bc05da, type: 2}
      propertyPath: m_RootOrder
      value: 1
      objectReference: {fileID: 0}
    - target: {fileID: 4296815112359744, guid: 102661f9b876584409663ea587bc05da, type: 2}
      propertyPath: m_RootOrder
      value: 3
      objectReference: {fileID: 0}
    - target: {fileID: 4253895586980854, guid: 102661f9b876584409663ea587bc05da, type: 2}
      propertyPath: m_RootOrder
      value: 4
      objectReference: {fileID: 0}
    - target: {fileID: 4337289088598418, guid: 102661f9b876584409663ea587bc05da, type: 2}
      propertyPath: m_RootOrder
      value: 2
      objectReference: {fileID: 0}
    - target: {fileID: 4279694533616426, guid: 102661f9b876584409663ea587bc05da, type: 2}
      propertyPath: m_RootOrder
      value: 5
      objectReference: {fileID: 0}
    m_RemovedComponents: []
  m_SourcePrefab: {fileID: 100100000, guid: 102661f9b876584409663ea587bc05da, type: 2}
  m_IsPrefabAsset: 0
--- !u!4 &1253223165 stripped
Transform:
  m_CorrespondingSourceObject: {fileID: 4038500375646866, guid: 102661f9b876584409663ea587bc05da,
    type: 2}
  m_PrefabInternal: {fileID: 1253223164}
--- !u!1001 &1292457617
Prefab:
  m_ObjectHideFlags: 0
  serializedVersion: 2
  m_Modification:
    m_TransformParent: {fileID: 218607145}
    m_Modifications:
    - target: {fileID: 4653108285369262, guid: 71f54c79b796e46bc9f56d1fa96d7fdf, type: 2}
      propertyPath: m_LocalPosition.x
      value: 0.5
      objectReference: {fileID: 0}
    - target: {fileID: 4653108285369262, guid: 71f54c79b796e46bc9f56d1fa96d7fdf, type: 2}
      propertyPath: m_LocalPosition.y
      value: 0
      objectReference: {fileID: 0}
    - target: {fileID: 4653108285369262, guid: 71f54c79b796e46bc9f56d1fa96d7fdf, type: 2}
      propertyPath: m_LocalPosition.z
      value: 0
      objectReference: {fileID: 0}
    - target: {fileID: 4653108285369262, guid: 71f54c79b796e46bc9f56d1fa96d7fdf, type: 2}
      propertyPath: m_LocalRotation.x
      value: 0
      objectReference: {fileID: 0}
    - target: {fileID: 4653108285369262, guid: 71f54c79b796e46bc9f56d1fa96d7fdf, type: 2}
      propertyPath: m_LocalRotation.y
      value: 0
      objectReference: {fileID: 0}
    - target: {fileID: 4653108285369262, guid: 71f54c79b796e46bc9f56d1fa96d7fdf, type: 2}
      propertyPath: m_LocalRotation.z
      value: 0
      objectReference: {fileID: 0}
    - target: {fileID: 4653108285369262, guid: 71f54c79b796e46bc9f56d1fa96d7fdf, type: 2}
      propertyPath: m_LocalRotation.w
      value: 1
      objectReference: {fileID: 0}
    - target: {fileID: 4653108285369262, guid: 71f54c79b796e46bc9f56d1fa96d7fdf, type: 2}
      propertyPath: m_RootOrder
      value: 1
      objectReference: {fileID: 0}
    - target: {fileID: 4653108285369262, guid: 71f54c79b796e46bc9f56d1fa96d7fdf, type: 2}
      propertyPath: m_LocalScale.x
      value: 0.7
      objectReference: {fileID: 0}
    - target: {fileID: 4653108285369262, guid: 71f54c79b796e46bc9f56d1fa96d7fdf, type: 2}
      propertyPath: m_LocalScale.y
      value: 0.7
      objectReference: {fileID: 0}
    - target: {fileID: 4653108285369262, guid: 71f54c79b796e46bc9f56d1fa96d7fdf, type: 2}
      propertyPath: m_LocalScale.z
      value: 0.7
      objectReference: {fileID: 0}
    - target: {fileID: 1562191781094078, guid: 71f54c79b796e46bc9f56d1fa96d7fdf, type: 2}
      propertyPath: m_Layer
      value: 11
      objectReference: {fileID: 0}
    - target: {fileID: 1748551460592306, guid: 71f54c79b796e46bc9f56d1fa96d7fdf, type: 2}
      propertyPath: m_Layer
      value: 11
      objectReference: {fileID: 0}
    - target: {fileID: 108549567032903574, guid: 71f54c79b796e46bc9f56d1fa96d7fdf,
        type: 2}
      propertyPath: m_CullingMask.m_Bits
      value: 2048
      objectReference: {fileID: 0}
    m_RemovedComponents: []
  m_SourcePrefab: {fileID: 0}
  m_IsPrefabAsset: 0
--- !u!4 &1292457618
Transform:
  m_ObjectHideFlags: 0
  m_CorrespondingSourceObject: {fileID: 4653108285369262, guid: 71f54c79b796e46bc9f56d1fa96d7fdf,
    type: 2}
  m_PrefabInternal: {fileID: 1292457617}
  m_GameObject: {fileID: 1079718159}
  m_LocalRotation: {x: 0, y: 0, z: 0, w: 1}
  m_LocalPosition: {x: 0.5, y: 0, z: 0}
  m_LocalScale: {x: 0.7, y: 0.7, z: 0.7}
  m_Children:
  - {fileID: 754858694}
  m_Father: {fileID: 218607145}
  m_RootOrder: 1
  m_LocalEulerAnglesHint: {x: 0, y: 0, z: 0}
--- !u!1 &1327645159
GameObject:
  m_ObjectHideFlags: 0
  m_CorrespondingSourceObject: {fileID: 1562191781094078, guid: 71f54c79b796e46bc9f56d1fa96d7fdf,
    type: 2}
  m_PrefabInternal: {fileID: 702298376}
  serializedVersion: 6
  m_Component:
  - component: {fileID: 702298377}
  - component: {fileID: 1327645161}
  - component: {fileID: 1327645160}
  m_Layer: 11
  m_Name: box_fbx (1)
  m_TagString: Untagged
  m_Icon: {fileID: 0}
  m_NavMeshLayer: 0
  m_StaticEditorFlags: 0
  m_IsActive: 1
--- !u!23 &1327645160
MeshRenderer:
  m_ObjectHideFlags: 0
  m_CorrespondingSourceObject: {fileID: 23101447652330768, guid: 71f54c79b796e46bc9f56d1fa96d7fdf,
    type: 2}
  m_PrefabInternal: {fileID: 702298376}
  m_GameObject: {fileID: 1327645159}
  m_Enabled: 1
  m_CastShadows: 1
  m_ReceiveShadows: 1
  m_DynamicOccludee: 1
  m_MotionVectors: 1
  m_LightProbeUsage: 1
  m_ReflectionProbeUsage: 1
  m_RenderingLayerMask: 4294967295
  m_Materials:
  - {fileID: 2100000, guid: 0093c0015f0da084f9ebdfeea6145dc3, type: 2}
  m_StaticBatchInfo:
    firstSubMesh: 0
    subMeshCount: 0
  m_StaticBatchRoot: {fileID: 0}
  m_ProbeAnchor: {fileID: 0}
  m_LightProbeVolumeOverride: {fileID: 0}
  m_ScaleInLightmap: 1
  m_PreserveUVs: 0
  m_IgnoreNormalsForChartDetection: 0
  m_ImportantGI: 0
  m_StitchLightmapSeams: 0
  m_SelectedEditorRenderState: 3
  m_MinimumChartSize: 4
  m_AutoUVMaxDistance: 0.5
  m_AutoUVMaxAngle: 89
  m_LightmapParameters: {fileID: 0}
  m_SortingLayerID: 0
  m_SortingLayer: 0
  m_SortingOrder: 0
--- !u!33 &1327645161
MeshFilter:
  m_ObjectHideFlags: 0
  m_CorrespondingSourceObject: {fileID: 33472214372898626, guid: 71f54c79b796e46bc9f56d1fa96d7fdf,
    type: 2}
  m_PrefabInternal: {fileID: 702298376}
  m_GameObject: {fileID: 1327645159}
  m_Mesh: {fileID: 4300000, guid: a7c248df959d0af4cb5b109f4d4a925b, type: 3}
--- !u!1001 &1445100936
Prefab:
  m_ObjectHideFlags: 0
  serializedVersion: 2
  m_Modification:
    m_TransformParent: {fileID: 218607145}
    m_Modifications:
    - target: {fileID: 4653108285369262, guid: 71f54c79b796e46bc9f56d1fa96d7fdf, type: 2}
      propertyPath: m_LocalPosition.x
      value: 0
      objectReference: {fileID: 0}
    - target: {fileID: 4653108285369262, guid: 71f54c79b796e46bc9f56d1fa96d7fdf, type: 2}
      propertyPath: m_LocalPosition.y
      value: 0
      objectReference: {fileID: 0}
    - target: {fileID: 4653108285369262, guid: 71f54c79b796e46bc9f56d1fa96d7fdf, type: 2}
      propertyPath: m_LocalPosition.z
      value: -0.5
      objectReference: {fileID: 0}
    - target: {fileID: 4653108285369262, guid: 71f54c79b796e46bc9f56d1fa96d7fdf, type: 2}
      propertyPath: m_LocalRotation.x
      value: 0
      objectReference: {fileID: 0}
    - target: {fileID: 4653108285369262, guid: 71f54c79b796e46bc9f56d1fa96d7fdf, type: 2}
      propertyPath: m_LocalRotation.y
      value: 0
      objectReference: {fileID: 0}
    - target: {fileID: 4653108285369262, guid: 71f54c79b796e46bc9f56d1fa96d7fdf, type: 2}
      propertyPath: m_LocalRotation.z
      value: 0
      objectReference: {fileID: 0}
    - target: {fileID: 4653108285369262, guid: 71f54c79b796e46bc9f56d1fa96d7fdf, type: 2}
      propertyPath: m_LocalRotation.w
      value: 1
      objectReference: {fileID: 0}
    - target: {fileID: 4653108285369262, guid: 71f54c79b796e46bc9f56d1fa96d7fdf, type: 2}
      propertyPath: m_RootOrder
      value: 3
      objectReference: {fileID: 0}
    - target: {fileID: 1562191781094078, guid: 71f54c79b796e46bc9f56d1fa96d7fdf, type: 2}
      propertyPath: m_Name
      value: box_fbx (2)
      objectReference: {fileID: 0}
    - target: {fileID: 1748551460592306, guid: 71f54c79b796e46bc9f56d1fa96d7fdf, type: 2}
      propertyPath: m_Layer
      value: 11
      objectReference: {fileID: 0}
    - target: {fileID: 1562191781094078, guid: 71f54c79b796e46bc9f56d1fa96d7fdf, type: 2}
      propertyPath: m_Layer
      value: 11
      objectReference: {fileID: 0}
    - target: {fileID: 108549567032903574, guid: 71f54c79b796e46bc9f56d1fa96d7fdf,
        type: 2}
      propertyPath: m_CullingMask.m_Bits
      value: 2048
      objectReference: {fileID: 0}
    m_RemovedComponents: []
  m_SourcePrefab: {fileID: 0}
  m_IsPrefabAsset: 0
--- !u!4 &1445100937
Transform:
  m_ObjectHideFlags: 0
  m_CorrespondingSourceObject: {fileID: 4653108285369262, guid: 71f54c79b796e46bc9f56d1fa96d7fdf,
    type: 2}
  m_PrefabInternal: {fileID: 1445100936}
  m_GameObject: {fileID: 1123403650}
  m_LocalRotation: {x: 0, y: 0, z: 0, w: 1}
  m_LocalPosition: {x: 0, y: 0, z: -0.5}
  m_LocalScale: {x: 0.7, y: 0.7, z: 0.7}
  m_Children:
  - {fileID: 1536623900}
  m_Father: {fileID: 218607145}
  m_RootOrder: 3
  m_LocalEulerAnglesHint: {x: 0, y: 0, z: 0}
--- !u!1 &1536623899
GameObject:
  m_ObjectHideFlags: 0
  m_CorrespondingSourceObject: {fileID: 1748551460592306, guid: 71f54c79b796e46bc9f56d1fa96d7fdf,
    type: 2}
  m_PrefabInternal: {fileID: 1445100936}
  serializedVersion: 6
  m_Component:
  - component: {fileID: 1536623900}
  - component: {fileID: 1536623901}
  m_Layer: 11
  m_Name: DirectionalLight0
  m_TagString: Untagged
  m_Icon: {fileID: 0}
  m_NavMeshLayer: 0
  m_StaticEditorFlags: 0
  m_IsActive: 1
--- !u!4 &1536623900
Transform:
  m_ObjectHideFlags: 0
  m_CorrespondingSourceObject: {fileID: 4038935746129850, guid: 71f54c79b796e46bc9f56d1fa96d7fdf,
    type: 2}
  m_PrefabInternal: {fileID: 1445100936}
  m_GameObject: {fileID: 1536623899}
  m_LocalRotation: {x: 0.7071068, y: 0, z: 0, w: 0.7071068}
  m_LocalPosition: {x: 0, y: 0.5, z: -1}
  m_LocalScale: {x: 0, y: 0, z: 0}
  m_Children: []
  m_Father: {fileID: 1445100937}
  m_RootOrder: 0
  m_LocalEulerAnglesHint: {x: 90, y: 0, z: 0}
--- !u!108 &1536623901
Light:
  m_ObjectHideFlags: 0
  m_CorrespondingSourceObject: {fileID: 108549567032903574, guid: 71f54c79b796e46bc9f56d1fa96d7fdf,
    type: 2}
  m_PrefabInternal: {fileID: 1445100936}
  m_GameObject: {fileID: 1536623899}
  m_Enabled: 1
  serializedVersion: 8
  m_Type: 1
  m_Color: {r: 1, g: 0.95686275, b: 0.8392157, a: 1}
  m_Intensity: 1
  m_Range: 10
  m_SpotAngle: 30
  m_CookieSize: 10
  m_Shadows:
    m_Type: 2
    m_Resolution: -1
    m_CustomResolution: -1
    m_Strength: 0.274
    m_Bias: 0.05
    m_NormalBias: 0.4
    m_NearPlane: 0.2
  m_Cookie: {fileID: 0}
  m_DrawHalo: 0
  m_Flare: {fileID: 0}
  m_RenderMode: 0
  m_CullingMask:
    serializedVersion: 2
    m_Bits: 2048
  m_Lightmapping: 1
  m_LightShadowCasterMode: 0
  m_AreaSize: {x: 1, y: 1}
  m_BounceIntensity: 1
  m_ColorTemperature: 6570
  m_UseColorTemperature: 0
  m_ShadowRadius: 0
  m_ShadowAngle: 0
--- !u!1 &1568907210
GameObject:
  m_ObjectHideFlags: 0
  m_CorrespondingSourceObject: {fileID: 0}
  m_PrefabInternal: {fileID: 0}
  serializedVersion: 6
  m_Component:
  - component: {fileID: 1568907211}
  - component: {fileID: 1568907212}
  m_Layer: 10
  m_Name: Directional Light
  m_TagString: Untagged
  m_Icon: {fileID: 0}
  m_NavMeshLayer: 0
  m_StaticEditorFlags: 0
  m_IsActive: 1
--- !u!4 &1568907211
Transform:
  m_ObjectHideFlags: 0
  m_CorrespondingSourceObject: {fileID: 0}
  m_PrefabInternal: {fileID: 0}
  m_GameObject: {fileID: 1568907210}
  m_LocalRotation: {x: 0.44051152, y: 0.6036875, z: -0.3811203, w: 0.54429626}
  m_LocalPosition: {x: 0, y: 2.5, z: -0.5}
  m_LocalScale: {x: 1, y: 1, z: 1}
  m_Children: []
  m_Father: {fileID: 1253223165}
  m_RootOrder: 0
  m_LocalEulerAnglesHint: {x: 70, y: 110, z: 20}
--- !u!108 &1568907212
Light:
  m_ObjectHideFlags: 0
  m_CorrespondingSourceObject: {fileID: 0}
  m_PrefabInternal: {fileID: 0}
  m_GameObject: {fileID: 1568907210}
  m_Enabled: 1
  serializedVersion: 8
  m_Type: 1
  m_Color: {r: 1, g: 1, b: 1, a: 1}
  m_Intensity: 1
  m_Range: 10
  m_SpotAngle: 30
  m_CookieSize: 10
  m_Shadows:
    m_Type: 0
    m_Resolution: -1
    m_CustomResolution: -1
    m_Strength: 1
    m_Bias: 0.05
    m_NormalBias: 0.4
    m_NearPlane: 0.2
  m_Cookie: {fileID: 0}
  m_DrawHalo: 0
  m_Flare: {fileID: 0}
  m_RenderMode: 0
  m_CullingMask:
    serializedVersion: 2
    m_Bits: 1024
  m_Lightmapping: 4
  m_LightShadowCasterMode: 0
  m_AreaSize: {x: 1, y: 1}
  m_BounceIntensity: 1
  m_ColorTemperature: 6570
  m_UseColorTemperature: 0
  m_ShadowRadius: 0
  m_ShadowAngle: 0
